%YAML 1.1
%TAG !u! tag:unity3d.com,2011:
--- !u!1 &8023342233522726059
GameObject:
  m_ObjectHideFlags: 0
  m_CorrespondingSourceObject: {fileID: 0}
  m_PrefabInstance: {fileID: 0}
  m_PrefabAsset: {fileID: 0}
  serializedVersion: 6
  m_Component:
  - component: {fileID: 8023342233522726057}
  - component: {fileID: 8023342233522726056}
  - component: {fileID: 8023342233522726062}
  - component: {fileID: 8023342233522726063}
  m_Layer: 0
  m_Name: Chest1
  m_TagString: Untagged
  m_Icon: {fileID: 0}
  m_NavMeshLayer: 0
  m_StaticEditorFlags: 0
  m_IsActive: 1
--- !u!4 &8023342233522726057
Transform:
  m_ObjectHideFlags: 0
  m_CorrespondingSourceObject: {fileID: 0}
  m_PrefabInstance: {fileID: 0}
  m_PrefabAsset: {fileID: 0}
  m_GameObject: {fileID: 8023342233522726059}
  m_LocalRotation: {x: 0, y: 0, z: 0, w: 1}
  m_LocalPosition: {x: 9.5, y: 4.5, z: 0}
  m_LocalScale: {x: 1, y: 1, z: 1}
  m_Children:
  - {fileID: 8023342231569574524}
  m_Father: {fileID: 0}
  m_RootOrder: 0
  m_LocalEulerAnglesHint: {x: 0, y: 0, z: 0}
--- !u!212 &8023342233522726056
SpriteRenderer:
  m_ObjectHideFlags: 0
  m_CorrespondingSourceObject: {fileID: 0}
  m_PrefabInstance: {fileID: 0}
  m_PrefabAsset: {fileID: 0}
  m_GameObject: {fileID: 8023342233522726059}
  m_Enabled: 1
  m_CastShadows: 0
  m_ReceiveShadows: 0
  m_DynamicOccludee: 1
  m_MotionVectors: 1
  m_LightProbeUsage: 1
  m_ReflectionProbeUsage: 1
  m_RenderingLayerMask: 1
  m_RendererPriority: 0
  m_Materials:
  - {fileID: 10754, guid: 0000000000000000f000000000000000, type: 0}
  m_StaticBatchInfo:
    firstSubMesh: 0
    subMeshCount: 0
  m_StaticBatchRoot: {fileID: 0}
  m_ProbeAnchor: {fileID: 0}
  m_LightProbeVolumeOverride: {fileID: 0}
  m_ScaleInLightmap: 1
  m_ReceiveGI: 1
  m_PreserveUVs: 0
  m_IgnoreNormalsForChartDetection: 0
  m_ImportantGI: 0
  m_StitchLightmapSeams: 1
  m_SelectedEditorRenderState: 0
  m_MinimumChartSize: 4
  m_AutoUVMaxDistance: 0.5
  m_AutoUVMaxAngle: 89
  m_LightmapParameters: {fileID: 0}
  m_SortingLayerID: 0
  m_SortingLayer: 0
  m_SortingOrder: 0
  m_Sprite: {fileID: 5126698597468343190, guid: a50adb581d200844a9d8841c7d8b53b1,
    type: 3}
  m_Color: {r: 1, g: 1, b: 1, a: 1}
  m_FlipX: 0
  m_FlipY: 0
  m_DrawMode: 0
  m_Size: {x: 1, y: 1}
  m_AdaptiveModeThreshold: 0.5
  m_SpriteTileMode: 0
  m_WasSpriteAssigned: 1
  m_MaskInteraction: 0
  m_SpriteSortPoint: 0
--- !u!61 &8023342233522726062
BoxCollider2D:
  m_ObjectHideFlags: 0
  m_CorrespondingSourceObject: {fileID: 0}
  m_PrefabInstance: {fileID: 0}
  m_PrefabAsset: {fileID: 0}
  m_GameObject: {fileID: 8023342233522726059}
  m_Enabled: 1
  m_Density: 1
  m_Material: {fileID: 0}
  m_IsTrigger: 1
  m_UsedByEffector: 0
  m_UsedByComposite: 0
  m_Offset: {x: 0, y: 0}
  m_SpriteTilingProperty:
    border: {x: 0, y: 0, z: 0, w: 0}
    pivot: {x: 0.5, y: 0.5}
    oldSize: {x: 1, y: 1}
    newSize: {x: 1, y: 1}
    adaptiveTilingThreshold: 0.5
    drawMode: 0
    adaptiveTiling: 0
  m_AutoTiling: 0
  serializedVersion: 2
  m_Size: {x: 1, y: 1}
  m_EdgeRadius: 0
--- !u!114 &8023342233522726063
MonoBehaviour:
  m_ObjectHideFlags: 0
  m_CorrespondingSourceObject: {fileID: 0}
  m_PrefabInstance: {fileID: 0}
  m_PrefabAsset: {fileID: 0}
  m_GameObject: {fileID: 8023342233522726059}
  m_Enabled: 1
  m_EditorHideFlags: 0
  m_Script: {fileID: 11500000, guid: bec8ce23e52de7a4ea04b26a539bfa78, type: 3}
  m_Name: 
  m_EditorClassIdentifier: 
  uiBubble: {fileID: 8023342231569574520}
--- !u!1001 &8742827913164605848
PrefabInstance:
  m_ObjectHideFlags: 0
  serializedVersion: 2
  m_Modification:
    m_TransformParent: {fileID: 8023342233522726057}
    m_Modifications:
    - target: {fileID: 1588751328448078816, guid: a30d81ab5f81ea848a1dee6b08fdcd45,
        type: 3}
      propertyPath: m_Name
      value: popup_canvas
      objectReference: {fileID: 0}
    - target: {fileID: 1588751328448078820, guid: a30d81ab5f81ea848a1dee6b08fdcd45,
        type: 3}
      propertyPath: m_LocalPosition.x
      value: 0
      objectReference: {fileID: 0}
    - target: {fileID: 1588751328448078820, guid: a30d81ab5f81ea848a1dee6b08fdcd45,
        type: 3}
      propertyPath: m_LocalPosition.y
      value: 0
      objectReference: {fileID: 0}
    - target: {fileID: 1588751328448078820, guid: a30d81ab5f81ea848a1dee6b08fdcd45,
        type: 3}
      propertyPath: m_LocalPosition.z
      value: 0
      objectReference: {fileID: 0}
    - target: {fileID: 1588751328448078820, guid: a30d81ab5f81ea848a1dee6b08fdcd45,
        type: 3}
      propertyPath: m_LocalRotation.x
      value: -0
      objectReference: {fileID: 0}
    - target: {fileID: 1588751328448078820, guid: a30d81ab5f81ea848a1dee6b08fdcd45,
        type: 3}
      propertyPath: m_LocalRotation.y
      value: -0
      objectReference: {fileID: 0}
    - target: {fileID: 1588751328448078820, guid: a30d81ab5f81ea848a1dee6b08fdcd45,
        type: 3}
      propertyPath: m_LocalRotation.z
      value: -0
      objectReference: {fileID: 0}
    - target: {fileID: 1588751328448078820, guid: a30d81ab5f81ea848a1dee6b08fdcd45,
        type: 3}
      propertyPath: m_LocalRotation.w
      value: 1
      objectReference: {fileID: 0}
    - target: {fileID: 1588751328448078820, guid: a30d81ab5f81ea848a1dee6b08fdcd45,
        type: 3}
      propertyPath: m_RootOrder
      value: 0
      objectReference: {fileID: 0}
    - target: {fileID: 1588751328448078820, guid: a30d81ab5f81ea848a1dee6b08fdcd45,
        type: 3}
      propertyPath: m_LocalEulerAnglesHint.x
      value: 0
      objectReference: {fileID: 0}
    - target: {fileID: 1588751328448078820, guid: a30d81ab5f81ea848a1dee6b08fdcd45,
        type: 3}
      propertyPath: m_LocalEulerAnglesHint.y
      value: 0
      objectReference: {fileID: 0}
    - target: {fileID: 1588751328448078820, guid: a30d81ab5f81ea848a1dee6b08fdcd45,
        type: 3}
      propertyPath: m_LocalEulerAnglesHint.z
      value: 0
      objectReference: {fileID: 0}
    - target: {fileID: 1588751328448078820, guid: a30d81ab5f81ea848a1dee6b08fdcd45,
        type: 3}
      propertyPath: m_AnchoredPosition.x
      value: 0.038
      objectReference: {fileID: 0}
    - target: {fileID: 1588751328448078820, guid: a30d81ab5f81ea848a1dee6b08fdcd45,
        type: 3}
      propertyPath: m_AnchoredPosition.y
      value: 2.012
      objectReference: {fileID: 0}
    - target: {fileID: 1588751328448078820, guid: a30d81ab5f81ea848a1dee6b08fdcd45,
        type: 3}
      propertyPath: m_SizeDelta.x
      value: 3.044
      objectReference: {fileID: 0}
    - target: {fileID: 1588751328448078820, guid: a30d81ab5f81ea848a1dee6b08fdcd45,
        type: 3}
      propertyPath: m_SizeDelta.y
      value: 1.1992
      objectReference: {fileID: 0}
    - target: {fileID: 1588751328448078820, guid: a30d81ab5f81ea848a1dee6b08fdcd45,
        type: 3}
      propertyPath: m_AnchorMin.x
      value: 0
      objectReference: {fileID: 0}
    - target: {fileID: 1588751328448078820, guid: a30d81ab5f81ea848a1dee6b08fdcd45,
        type: 3}
      propertyPath: m_AnchorMin.y
      value: 0
      objectReference: {fileID: 0}
    - target: {fileID: 1588751328448078820, guid: a30d81ab5f81ea848a1dee6b08fdcd45,
        type: 3}
      propertyPath: m_AnchorMax.x
      value: 0
      objectReference: {fileID: 0}
    - target: {fileID: 1588751328448078820, guid: a30d81ab5f81ea848a1dee6b08fdcd45,
        type: 3}
      propertyPath: m_AnchorMax.y
      value: 0
      objectReference: {fileID: 0}
    - target: {fileID: 1588751328448078820, guid: a30d81ab5f81ea848a1dee6b08fdcd45,
        type: 3}
      propertyPath: m_Pivot.x
      value: 0.5
      objectReference: {fileID: 0}
    - target: {fileID: 1588751328448078820, guid: a30d81ab5f81ea848a1dee6b08fdcd45,
        type: 3}
      propertyPath: m_Pivot.y
      value: 0.5
      objectReference: {fileID: 0}
    - target: {fileID: 1588751328448078823, guid: a30d81ab5f81ea848a1dee6b08fdcd45,
        type: 3}
      propertyPath: m_Camera
      value: 
      objectReference: {fileID: 0}
    - target: {fileID: 1588751326758813987, guid: a30d81ab5f81ea848a1dee6b08fdcd45,
        type: 3}
      propertyPath: m_SizeDelta.y
      value: 1.1992
      objectReference: {fileID: 0}
    - target: {fileID: 1588751326758813987, guid: a30d81ab5f81ea848a1dee6b08fdcd45,
        type: 3}
      propertyPath: m_AnchoredPosition.y
      value: 0.000012649
      objectReference: {fileID: 0}
    - target: {fileID: 1588751326758813985, guid: a30d81ab5f81ea848a1dee6b08fdcd45,
        type: 3}
      propertyPath: m_Sprite
      value: 
      objectReference: {fileID: 21300000, guid: 137d9e2e7462fd64fb1fadd2ef56eef5,
        type: 3}
    - target: {fileID: 1588751326758813985, guid: a30d81ab5f81ea848a1dee6b08fdcd45,
        type: 3}
      propertyPath: m_Color.r
      value: 1
      objectReference: {fileID: 0}
    - target: {fileID: 1588751326758813985, guid: a30d81ab5f81ea848a1dee6b08fdcd45,
        type: 3}
      propertyPath: m_Color.g
      value: 1
      objectReference: {fileID: 0}
    - target: {fileID: 1588751326758813985, guid: a30d81ab5f81ea848a1dee6b08fdcd45,
        type: 3}
      propertyPath: m_Color.b
      value: 1
      objectReference: {fileID: 0}
    - target: {fileID: 1588751326758813984, guid: a30d81ab5f81ea848a1dee6b08fdcd45,
        type: 3}
      propertyPath: m_OnClick.m_PersistentCalls.m_Calls.Array.data[0].m_Target
      value: 
      objectReference: {fileID: 0}
    - target: {fileID: 1588751326758813984, guid: a30d81ab5f81ea848a1dee6b08fdcd45,
        type: 3}
      propertyPath: m_OnClick.m_PersistentCalls.m_Calls.Array.data[1].m_Target
      value: 
      objectReference: {fileID: 8023342233522726059}
    m_RemovedComponents: []
  m_SourcePrefab: {fileID: 100100000, guid: a30d81ab5f81ea848a1dee6b08fdcd45, type: 3}
--- !u!1 &8023342231569574520 stripped
GameObject:
  m_CorrespondingSourceObject: {fileID: 1588751328448078816, guid: a30d81ab5f81ea848a1dee6b08fdcd45,
    type: 3}
  m_PrefabInstance: {fileID: 8742827913164605848}
  m_PrefabAsset: {fileID: 0}
--- !u!224 &8023342231569574524 stripped
RectTransform:
  m_CorrespondingSourceObject: {fileID: 1588751328448078820, guid: a30d81ab5f81ea848a1dee6b08fdcd45,
    type: 3}
  m_PrefabInstance: {fileID: 8742827913164605848}
  m_PrefabAsset: {fileID: 0}
