%YAML 1.1
%TAG !u! tag:unity3d.com,2011:
--- !u!1 &5904585938104821
GameObject:
  m_ObjectHideFlags: 0
  m_CorrespondingSourceObject: {fileID: 0}
  m_PrefabInstance: {fileID: 0}
  m_PrefabAsset: {fileID: 0}
  serializedVersion: 6
  m_Component:
  - component: {fileID: 5904585938104824}
  - component: {fileID: 5904585938104828}
  - component: {fileID: 5904585938104827}
  - component: {fileID: 5904585938104826}
  - component: {fileID: 5904585938104825}
  - component: {fileID: 5904585938104830}
  - component: {fileID: 5904585938104831}
  - component: {fileID: 294806479}
  m_Layer: 0
  m_Name: Main Camera
  m_TagString: MainCamera
  m_Icon: {fileID: 0}
  m_NavMeshLayer: 0
  m_StaticEditorFlags: 0
  m_IsActive: 1
--- !u!4 &5904585938104824
Transform:
  m_ObjectHideFlags: 0
  m_CorrespondingSourceObject: {fileID: 0}
  m_PrefabInstance: {fileID: 0}
  m_PrefabAsset: {fileID: 0}
  m_GameObject: {fileID: 5904585938104821}
  m_LocalRotation: {x: 0, y: 0, z: 0, w: 1}
  m_LocalPosition: {x: 3, y: 5, z: -10}
  m_LocalScale: {x: 1, y: 1, z: 1}
  m_Children:
  - {fileID: 5904587283350386}
  m_Father: {fileID: 0}
  m_RootOrder: 0
  m_LocalEulerAnglesHint: {x: 0, y: 0, z: 0}
--- !u!114 &5904585938104828
MonoBehaviour:
  m_ObjectHideFlags: 0
  m_CorrespondingSourceObject: {fileID: 0}
  m_PrefabInstance: {fileID: 0}
  m_PrefabAsset: {fileID: 0}
  m_GameObject: {fileID: 5904585938104821}
  m_Enabled: 1
  m_EditorHideFlags: 0
  m_Script: {fileID: 11500000, guid: 9cb2eb24ee7edc946a37f38684630dba, type: 3}
  m_Name: 
  m_EditorClassIdentifier: 
  board: {fileID: 5904587283350285}
  bg: {fileID: 0}
  speed: 1
  timer: 0.05
  inRound: 0
  counter: {fileID: 0}
  selection: []
  PlaySlideSound:
    m_PersistentCalls:
      m_Calls:
      - m_Target: {fileID: 5904585938104825}
        m_MethodName: PlaySlideSound
        m_Mode: 1
        m_Arguments:
          m_ObjectArgument: {fileID: 0}
          m_ObjectArgumentAssemblyTypeName: UnityEngine.Object, UnityEngine
          m_IntArgument: 0
          m_FloatArgument: 0
          m_StringArgument: 
          m_BoolArgument: 0
        m_CallState: 2
--- !u!20 &5904585938104827
Camera:
  m_ObjectHideFlags: 0
  m_CorrespondingSourceObject: {fileID: 0}
  m_PrefabInstance: {fileID: 0}
  m_PrefabAsset: {fileID: 0}
  m_GameObject: {fileID: 5904585938104821}
  m_Enabled: 1
  serializedVersion: 2
  m_ClearFlags: 2
  m_BackGroundColor: {r: 0.16078432, g: 0.2784314, b: 0.38823533, a: 1}
  m_projectionMatrixMode: 1
  m_GateFitMode: 2
  m_FOVAxisMode: 0
  m_SensorSize: {x: 36, y: 24}
  m_LensShift: {x: 0, y: 0}
  m_FocalLength: 50
  m_NormalizedViewPortRect:
    serializedVersion: 2
    x: 0
    y: 0
    width: 1
    height: 1
  near clip plane: 0.3
  far clip plane: 1000
  field of view: 60
  orthographic: 1
  orthographic size: 9
  m_Depth: -1
  m_CullingMask:
    serializedVersion: 2
    m_Bits: 4294967295
  m_RenderingPath: -1
  m_TargetTexture: {fileID: 0}
  m_TargetDisplay: 0
  m_TargetEye: 3
  m_HDR: 1
  m_AllowMSAA: 1
  m_AllowDynamicResolution: 0
  m_ForceIntoRT: 0
  m_OcclusionCulling: 1
  m_StereoConvergence: 10
  m_StereoSeparation: 0.022
--- !u!81 &5904585938104826
AudioListener:
  m_ObjectHideFlags: 0
  m_CorrespondingSourceObject: {fileID: 0}
  m_PrefabInstance: {fileID: 0}
  m_PrefabAsset: {fileID: 0}
  m_GameObject: {fileID: 5904585938104821}
  m_Enabled: 1
--- !u!114 &5904585938104825
MonoBehaviour:
  m_ObjectHideFlags: 0
  m_CorrespondingSourceObject: {fileID: 0}
  m_PrefabInstance: {fileID: 0}
  m_PrefabAsset: {fileID: 0}
  m_GameObject: {fileID: 5904585938104821}
  m_Enabled: 1
  m_EditorHideFlags: 0
  m_Script: {fileID: 11500000, guid: 78e805bf1088cb54289a75cd62ba534f, type: 3}
  m_Name: 
  m_EditorClassIdentifier: 
  popSound: {fileID: 8300000, guid: e08a47386938384429e5d5dc159ae6a7, type: 3}
  slideSound: {fileID: 8300000, guid: a8722cb5f50971d4a939b56cd3fed54f, type: 3}
  musicSound: {fileID: 8300000, guid: a06ebd8d878077847ae42dfa9fbd013b, type: 3}
  musicOnStart: 0
--- !u!114 &5904585938104830
MonoBehaviour:
  m_ObjectHideFlags: 0
  m_CorrespondingSourceObject: {fileID: 0}
  m_PrefabInstance: {fileID: 0}
  m_PrefabAsset: {fileID: 0}
  m_GameObject: {fileID: 5904585938104821}
  m_Enabled: 1
  m_EditorHideFlags: 0
  m_Script: {fileID: 11500000, guid: 78adebf00d4a91046820db347beb8c50, type: 3}
  m_Name: 
  m_EditorClassIdentifier: 
  mainMenu: {fileID: 0}
  gamePanel: {fileID: 0}
  endRoundPanel: {fileID: 0}
--- !u!114 &5904585938104831
MonoBehaviour:
  m_ObjectHideFlags: 0
  m_CorrespondingSourceObject: {fileID: 0}
  m_PrefabInstance: {fileID: 0}
  m_PrefabAsset: {fileID: 0}
  m_GameObject: {fileID: 5904585938104821}
  m_Enabled: 1
  m_EditorHideFlags: 0
  m_Script: {fileID: 11500000, guid: be7fac7058a81d1458b7ebd337fe56ba, type: 3}
  m_Name: 
  m_EditorClassIdentifier: 
  toEnable:
  - {fileID: 0}
  toDisable:
  - {fileID: 0}
--- !u!114 &294806479
MonoBehaviour:
  m_ObjectHideFlags: 0
  m_CorrespondingSourceObject: {fileID: 0}
  m_PrefabInstance: {fileID: 0}
  m_PrefabAsset: {fileID: 0}
  m_GameObject: {fileID: 5904585938104821}
  m_Enabled: 1
  m_EditorHideFlags: 0
  m_Script: {fileID: 11500000, guid: 049e99a2713ce17499bb960a45a47f93, type: 3}
  m_Name: 
  m_EditorClassIdentifier: 
  tileDatas:
  - {fileID: 11400000, guid: 1606b4b7f09c4e440a4e7fe48c57e3ec, type: 2}
  - {fileID: 11400000, guid: cac84de46dedf8940a7246b031e92ecf, type: 2}
  - {fileID: 11400000, guid: 6c6b6c65fd5e66445b845153ff9dbb3f, type: 2}
  - {fileID: 11400000, guid: f0aafbbada59aee4488965a12642dee3, type: 2}
  - {fileID: 11400000, guid: 3131c43e5e183a747a8e21502ba0abf0, type: 2}
  - {fileID: 11400000, guid: c4d56d92f74f87142ae7da388b0f620c, type: 2}
  - {fileID: 11400000, guid: 356a9feb0c318474b8b7f9154d6e6a3e, type: 2}
--- !u!1 &5904587283350284
GameObject:
  m_ObjectHideFlags: 0
  m_CorrespondingSourceObject: {fileID: 0}
  m_PrefabInstance: {fileID: 0}
  m_PrefabAsset: {fileID: 0}
  serializedVersion: 6
  m_Component:
  - component: {fileID: 5904587283350386}
  - component: {fileID: 5904587283350285}
  m_Layer: 8
  m_Name: board
  m_TagString: Untagged
  m_Icon: {fileID: -964228994112308473, guid: 0000000000000000d000000000000000, type: 0}
  m_NavMeshLayer: 0
  m_StaticEditorFlags: 0
  m_IsActive: 1
--- !u!4 &5904587283350386
Transform:
  m_ObjectHideFlags: 0
  m_CorrespondingSourceObject: {fileID: 0}
  m_PrefabInstance: {fileID: 0}
  m_PrefabAsset: {fileID: 0}
  m_GameObject: {fileID: 5904587283350284}
  m_LocalRotation: {x: -0, y: -0, z: -0, w: 1}
  m_LocalPosition: {x: -3, y: -5, z: 10}
  m_LocalScale: {x: 1, y: 1, z: 1}
  m_Children: []
  m_Father: {fileID: 5904585938104824}
  m_RootOrder: 0
  m_LocalEulerAnglesHint: {x: 0, y: 0, z: 0}
--- !u!114 &5904587283350285
MonoBehaviour:
  m_ObjectHideFlags: 0
  m_CorrespondingSourceObject: {fileID: 0}
  m_PrefabInstance: {fileID: 0}
  m_PrefabAsset: {fileID: 0}
  m_GameObject: {fileID: 5904587283350284}
  m_Enabled: 1
  m_EditorHideFlags: 0
  m_Script: {fileID: 11500000, guid: 765e7889b1686e44bbbc2c58253f5ba1, type: 3}
  m_Name: 
  m_EditorClassIdentifier: 
  GoToEndRound:
    m_PersistentCalls:
      m_Calls:
      - m_Target: {fileID: 5904585938104830}
        m_MethodName: GoToEndRound
        m_Mode: 1
        m_Arguments:
          m_ObjectArgument: {fileID: 0}
          m_ObjectArgumentAssemblyTypeName: UnityEngine.Object, UnityEngine
          m_IntArgument: 0
          m_FloatArgument: 0
          m_StringArgument: 
          m_BoolArgument: 0
        m_CallState: 2
      - m_Target: {fileID: 0}
        m_MethodName: StopParallax
        m_Mode: 1
        m_Arguments:
          m_ObjectArgument: {fileID: 0}
          m_ObjectArgumentAssemblyTypeName: UnityEngine.Object, UnityEngine
          m_IntArgument: 0
          m_FloatArgument: 0
          m_StringArgument: 
          m_BoolArgument: 0
        m_CallState: 2
  GotoMenu:
    m_PersistentCalls:
      m_Calls:
      - m_Target: {fileID: 5904585938104830}
        m_MethodName: GoToMainMenu
        m_Mode: 1
        m_Arguments:
          m_ObjectArgument: {fileID: 0}
          m_ObjectArgumentAssemblyTypeName: UnityEngine.Object, UnityEngine
          m_IntArgument: 0
          m_FloatArgument: 0
          m_StringArgument: 
          m_BoolArgument: 0
        m_CallState: 2
  SelectionPrefab: {fileID: 3562688029889143437, guid: bac34cf3b02416641b6cda097a939153,
    type: 3}
  ExplosionPrefab: {fileID: 507173810809369943, guid: b0945985e86303e489c8addc60a39707,
    type: 3}
  width: 7
  height: 7
  tilePrefabs:
  - {fileID: 11400000, guid: f0aafbbada59aee4488965a12642dee3, type: 2}
  - {fileID: 11400000, guid: cac84de46dedf8940a7246b031e92ecf, type: 2}
  - {fileID: 11400000, guid: 1606b4b7f09c4e440a4e7fe48c57e3ec, type: 2}
  - {fileID: 11400000, guid: 6c6b6c65fd5e66445b845153ff9dbb3f, type: 2}
  - {fileID: 11400000, guid: 3131c43e5e183a747a8e21502ba0abf0, type: 2}
